@article{violajones,
    author = {Paul Viola and Michael Jones},
    title = {Robust real-time face detection},
    journal = {International Journal of Computer Vision},
    year = {2004},
    volume = {57},
    pages = {137--154}
}

@misc{adaboost,
    author = {Yoav Freund and Robert E. Schapire},
    title = {A Decision-Theoretic Generalization of on-Line Learning and an Application to Boosting},
    year = {1996}
}
